<?xml version="1.0" encoding="UTF-8"?><record xmlns="http://www.loc.gov/MARC21/slim" xmlns:cinclude="http://apache.org/cocoon/include/1.0" xmlns:zs="http://www.loc.gov/zing/srw/">
  <leader>00401nz  a2200133n  4500</leader>
  <controlfield tag="001">no 95051408 </controlfield>
  <controlfield tag="003">DLC</controlfield>
  <controlfield tag="005">19951031053559.4</controlfield>
  <controlfield tag="008">951030n| acannaab|          |n aaa     c</controlfield>
  <datafield tag="010" ind1=" " ind2=" ">
    <subfield code="a">no 95051408 </subfield>
  </datafield>
  <datafield tag="035" ind1=" " ind2=" ">
    <subfield code="a">(OCoLC)oca03948462 </subfield>
  </datafield>
  <datafield tag="040" ind1=" " ind2=" ">
    <subfield code="a">MoSU-L</subfield>
    <subfield code="c">MoSU-L</subfield>
  </datafield>
  <datafield tag="100" ind1="1" ind2="0">
    <subfield code="a">Chalmers, L. H.</subfield>
  </datafield>
  <datafield tag="670" ind1=" " ind2=" ">
    <subfield code="a">Claim of H.N. Alexander and L.H. Chalmers, 1888?:</subfield>
    <subfield code="b">p. 1 (for services in defending certain Arizona Indians)</subfield>
  </datafield>
</record>